Automatically generated by Mendeley Desktop 1.12.1
Any changes to this file will be lost if it is regenerated by Mendeley.

BibTeX export options can be customized via Preferences -> BibTeX in Mendeley Desktop

@article{mohammadiha2013supervised,
author = {Mohammadiha, Nasser and Smaragdis, Paris and Leijon, Arne},
file = {:Users/Ash/Dropbox/Uni/2014/Thesis/References/mohammadiha-BNMF-HMM.pdf:pdf},
journal = {Audio, Speech, and Language Processing, IEEE Transactions on},
number = {10},
pages = {2140--2151},
publisher = {IEEE},
title = {{Supervised and unsupervised speech enhancement using nonnegative matrix factorization}},
volume = {21},
year = {2013}
}
@article{Mohammadiha2013,
author = {Mohammadiha, Nasser and Kleijn, W Bastiaan and Leijon, Arne},
file = {:Users/Ash/Library/Application Support/Mendeley Desktop/Downloaded/Gamma HMM NMF.pdf:pdf},
title = {{Gamma Hidden Markov Model as a Probabilistic Nonnegative Matrix Factorization}},
year = {2013}
}
@article{mohammadiha2013speech,
author = {Mohammadiha, Nasser},
file = {:Users/Ash/Dropbox/Uni/2014/Thesis/References/mohammadiha-phd-thesis.pdf:pdf},
title = {{Speech Enhancement Using Nonnegative MatrixFactorization and Hidden Markov Models}},
year = {2013}
}
@article{Mohammadiha2013a,
author = {Mohammadiha, Nasser and Leijon, Arne},
file = {:Users/Ash/Library/Application Support/Mendeley Desktop/Downloaded/Babble NonNeg HMM model.pdf:pdf},
isbn = {1558-7916},
title = {{Nonnegative HMM for babble noise derived from speech HMM: Application to speech enhancement}},
year = {2013}
}
@misc{Wojcicki2011,
author = {Wojcicki, Kamil},
publisher = {MATLAB Central},
title = {{Ideal Binary Mask}},
url = {http://www.mathworks.com.au/matlabcentral/fileexchange/33199-ideal-binary-mask},
year = {2011}
}
@article{Mahgoub2009,
author = {Mahgoub, Yasser},
file = {:Users/Ash/Dropbox/Uni/2014/Thesis/References/MahgoubThesis.pdf:pdf},
isbn = {9780494678930},
number = {October},
title = {{Co-channel Speech Separation Using State-space Reconstruction and Sinusoidal Modelling}},
url = {https://curve.carleton.ca/system/files/theses/31327.pdf},
year = {2009}
}
@article{Healy2013,
author = {Healy, Eric W and Yoho, Sarah E and Wang, Yuxuan and Wang, DeLiang},
isbn = {0001-4966},
journal = {The Journal of the Acoustical Society of America},
number = {4},
pages = {3029--3038},
title = {{An algorithm to improve speech recognition in noise for hearing-impaired listeners}},
volume = {134},
year = {2013}
}
@inproceedings{Robinson1995,
author = {Robinson, Tony and Fransen, Jeroen and Pye, David and Foote, Jonathan and Renals, Steve},
booktitle = {Acoustics, Speech, and Signal Processing, 1995. ICASSP-95., 1995 International Conference on},
isbn = {0780324315},
pages = {81--84},
publisher = {IEEE},
title = {{WSJCAMO: A British English speech corpus for large vocabulary continuous speech recognition}},
volume = {1},
year = {1995}
}
@article{Yang2005,
author = {Yang, Li-Ping and Fu, Qian-Jie},
isbn = {0001-4966},
journal = {The Journal of the Acoustical Society of America},
number = {3},
pages = {1001--1004},
title = {{Spectral subtraction-based speech enhancement for cochlear implant patients in background noise}},
volume = {117},
year = {2005}
}
@book{Loizou2013,
author = {Loizou, P C},
isbn = {9781466504219},
publisher = {Taylor \& Francis},
title = {{Speech Enhancement: Theory and Practice, Second Edition}},
url = {http://books.google.com.au/books?id=ntXLfZkuGTwC},
year = {2013}
}
@inproceedings{Kitawaki2007,
address = {Sophia Antipolis, France},
author = {Kitawaki, Nobuhiko and Yamada, Takeshi},
booktitle = {ETSI Workshop on Speech and Noise in Wideband Communication},
file = {:Users/Ash/Dropbox/Uni/2014/Thesis/References/kitawaki.pdf:pdf},
pages = {3--6},
title = {{Subjective and Objective Quality Assessment for Noise Reduced Speech}},
url = {http://portal.etsi.org/stq/workshop2007presentations/kitawaki.pdf},
year = {2007}
}
@inproceedings{wilson2008regularized,
author = {Wilson, Kevin W and Raj, Bhiksha and Smaragdis, Paris},
booktitle = {INTERSPEECH},
file = {:Users/Ash/Dropbox/Uni/2014/Thesis/References/wilson-reg-nmf-temporal.pdf:pdf},
pages = {411--414},
title = {{Regularized non-negative matrix factorization with temporal dependencies for speech denoising.}},
year = {2008}
}
@article{Lin2007,
author = {Lin, Chih-Jen},
file = {:Users/Ash/Library/Application Support/Mendeley Desktop/Downloaded/pgradnmf.pdf:pdf},
journal = {Neural computation},
number = {10},
pages = {2756--2779},
title = {{Projected gradient methods for nonnegative matrix factorization}},
volume = {19},
year = {2007}
}
@article{Hoyer2004,
author = {Hoyer, Patrik O},
file = {:Users/Ash/Library/Application Support/Mendeley Desktop/Downloaded/NMFscweb.pdf:pdf},
isbn = {1532-4435},
journal = {The Journal of Machine Learning Research},
pages = {1457--1469},
title = {{Non-negative matrix factorization with sparseness constraints}},
volume = {5},
year = {2004}
}
@article{Barker2013,
author = {Barker, Jon and Vincent, Emmanuel and Ma, Ning and Christensen, Heidi and Green, Phil},
file = {:Users/Ash/Library/Application Support/Mendeley Desktop/Downloaded/PASCAL CHiME.pdf:pdf},
isbn = {0885-2308},
journal = {Computer Speech \& Language},
keywords = {Bark13},
mendeley-tags = {Bark13},
number = {3},
pages = {621--633},
title = {{The PASCAL CHiME speech separation and recognition challenge}},
volume = {27},
year = {2013}
}
@inproceedings{Raj2005,
author = {Raj, Bhiksha and Singh, Rita and Smaragdis, Paris},
booktitle = {INTERSPEECH},
file = {:Users/Ash/Library/Application Support/Mendeley Desktop/Downloaded/NMFvsVQ.pdf:pdf},
pages = {3317--3320},
title = {{Recognizing speech from simultaneous speakers}},
year = {2005}
}
@inproceedings{Schuller2010,
author = {Schuller, Bj\"{o}rn and Weninger, Felix and Wollmer, M and Sun, Yang and Rigoll, Gerhard},
booktitle = {Acoustics Speech and Signal Processing (ICASSP), 2010 IEEE International Conference on},
file = {:Users/Ash/Library/Application Support/Mendeley Desktop/Downloaded/NMF ASR feature.pdf:pdf},
isbn = {1424442958},
pages = {4562--4565},
publisher = {IEEE},
title = {{Non-negative matrix factorization as noise-robust feature extractor for speech recognition}},
year = {2010}
}
@techreport{Vertanen2006,
author = {Vertanen, Keith},
file = {:Users/Ash/Dropbox/Uni/2014/Thesis/References/baseline\_wsj\_recipes.pdf:pdf},
institution = {Cambridge, United Kingdom: Cavendish Laboratory},
title = {{Baseline WSJ acoustic models for HTK and Sphinx: Training recipes and recognition experiments}},
url = {http://www.keithv.com/pub/baselinewsj/baseline\_wsj\_recipes.pdf},
year = {2006}
}
@article{Pollack1958,
author = {Pollack, Irwin and Pickett, J M},
doi = {doi:http://dx.doi.org/10.1121/1.1909505},
file = {:Users/Ash/Library/Application Support/Mendeley Desktop/Downloaded/Stereophonic Listening and Speech Intelligibil.pdf:pdf},
journal = {The Journal of the Acoustical Society of America},
number = {2},
pages = {131--133},
title = {{Stereophonic Listening and Speech Intelligibility against Voice Babble}},
url = {http://scitation.aip.org/content/asa/journal/jasa/30/2/10.1121/1.1909505},
volume = {30},
year = {1958}
}
@book{Krauss1994,
author = {Krauss, Thomas P and Shure, Loren and Little, John},
publisher = {The MathWorks},
title = {{Signal processing toolbox for use with MATLAB: user's guide}},
year = {1994}
}
@inproceedings{Sonmez1999,
author = {S\"{o}nmez, M Kemal and Heck, Larry P and Weintraub, Mitchel},
booktitle = {EUROSPEECH},
file = {:Users/Ash/Library/Application Support/Mendeley Desktop/Downloaded/speaker\_tracking\_and\_detection\_with\_multiple\_s.pdf:pdf},
title = {{Speaker tracking and detection with multiple speakers}},
year = {1999}
}
@incollection{Loizou2013a,
author = {Loizou, P C},
booktitle = {Speech Enhancement: Theory and Practice, Second Edition},
isbn = {9781466504219},
publisher = {Taylor \& Francis},
title = {{Noise Compenation by Human Listeners}},
url = {http://books.google.com.au/books?id=ntXLfZkuGTwC},
year = {2013}
}
@book{Wright1999a,
author = {Wright, S J and Nocedal, J},
file = {:Users/Ash/Library/Application Support/Mendeley Desktop/Downloaded/Numerical Optimization 2ed.pdf:pdf},
publisher = {Springer New York},
title = {{Numerical optimization}},
volume = {2},
year = {1999}
}
@article{InternationalTelecommunicationUnion2001,
author = {{International Telecommunication Union}},
file = {:Users/Ash/Library/Application Support/Mendeley Desktop/Downloaded/P.862.pdf:pdf},
journal = {ITU-T Recommendation},
pages = {862},
title = {{P.862: Perceptual evaluation of speech quality (PESQ), an objective method for end-to-end speech quality assessment of narrowband telephone networks and speech codecs}},
year = {2001}
}
@article{Berry2007,
author = {Berry, Michael W and Browne, Murray and Langville, Amy N and Pauca, V Paul and Plemmons, Robert J},
file = {:Users/Ash/Library/Application Support/Mendeley Desktop/Downloaded/NMF Algorithms.pdf:pdf},
isbn = {0167-9473},
journal = {Computational Statistics \& Data Analysis},
keywords = {Berr07},
mendeley-tags = {Berr07},
number = {1},
pages = {155--173},
title = {{Algorithms and applications for approximate nonnegative matrix factorization}},
volume = {52},
year = {2007}
}
@manual{RCoreTeam2014,
address = {Vienna, Austria},
author = {{R Core Team}},
organization = {R Foundation for Statistical Computing},
title = {{R: A Language and Environment for Statistical Computing}},
url = {http://www.r-project.org/},
year = {2014}
}
@article{Paliwal2010,
author = {Paliwal, Kuldip K. and Lyons, James G. and So, Stephen and Stark, Anthony P. and Wojcicki, Kamil K.},
doi = {10.1109/ICSPCS.2010.5709761},
file = {:Users/Ash/Dropbox/Uni/2014/Thesis/References/icsps10\_comparative.pdf:pdf},
isbn = {978-1-4244-7908-5},
journal = {2010 4th International Conference on Signal Processing and Communication Systems},
month = dec,
pages = {1--5},
publisher = {Ieee},
title = {{Comparative evaluation of speech enhancement methods for robust automatic speech recognition}},
url = {http://ieeexplore.ieee.org/lpdocs/epic03/wrapper.htm?arnumber=5709761},
year = {2010}
}
@inproceedings{Wilson2008,
author = {Wilson, Kevin W and Raj, Bhiksha and Smaragdis, Paris and Divakaran, Ajay},
booktitle = {ICASSP},
file = {:Users/Ash/Library/Application Support/Mendeley Desktop/Downloaded/Mitsubishi NMF.pdf:pdf},
pages = {4029--4032},
title = {{Speech denoising using nonnegative matrix factorization with priors}},
year = {2008}
}
@techreport{Albright2006,
author = {Albright, Russell and Cox, James and Duling, David and Langville, Amy N and Meyer, C},
file = {:Users/Ash/Library/Application Support/Mendeley Desktop/Downloaded/NMFInitAlgConv.pdf:pdf},
keywords = {Albr06},
mendeley-tags = {Albr06},
publisher = {North Carolina State University, },
title = {{Algorithms, initializations, and convergence for the nonnegative matrix factorization}},
year = {2006}
}
@inproceedings{Raj2011,
author = {Raj, Bhiksha and Singh, Rita and Virtanen, Tuomas},
booktitle = {INTERSPEECH},
file = {:Users/Ash/Library/Application Support/Mendeley Desktop/Downloaded/phoneme\_nmf.pdf:pdf},
pages = {1217--1220},
title = {{Phoneme-Dependent NMF for Speech Enhancement in Monaural Mixtures}},
year = {2011}
}
@inproceedings{Behnke2003,
author = {Behnke, Sven},
booktitle = {Neural Networks, 2003. Proceedings of the International Joint Conference on},
file = {:Users/Ash/Library/Application Support/Mendeley Desktop/Downloaded/convolutive NMF.pdf:pdf},
isbn = {0780378989},
keywords = {Behn03},
mendeley-tags = {Behn03},
pages = {2758--2763},
publisher = {IEEE},
title = {{Discovering hierarchical speech features using convolutional non-negative matrix factorization}},
volume = {4},
year = {2003}
}
@article{Liu2006,
author = {Liu, WM and Jellyman, KA},
file = {:Users/Ash/Dropbox/Uni/2014/Thesis/References/obj-speech-measures.pdf:pdf},
journal = {Acoustics, Speech and Signal Processing, 2006. ICASSP 2006 Proceedings. 2006 IEEE International Conference on},
pages = {4--7},
title = {{Assessment of objective quality measures for speech intelligibility estimation}},
url = {http://ieeexplore.ieee.org/xpls/abs\_all.jsp?arnumber=1660248},
year = {2006}
}
@inproceedings{smaragdis2005learning,
author = {Smaragdis, Paris},
booktitle = {Forum Acusticum},
file = {:Users/Ash/Dropbox/Uni/2014/Thesis/References/smaragdis-music-sep.pdf:pdf},
organization = {Citeseer},
title = {{From learning music to learning to separate}},
year = {2005}
}
@inproceedings{Donoho2003,
author = {Donoho, David L and Stodden, Victoria},
booktitle = {NIPS},
file = {:Users/Ash/Library/Application Support/Mendeley Desktop/Downloaded/NMF When correct.pdf:pdf},
keywords = {Dono03},
mendeley-tags = {Dono03},
title = {{When does non-negative matrix factorization give a correct decomposition into parts?}},
volume = {16},
year = {2003}
}
@article{Weide2005,
author = {Weide, R},
journal = {Carnegie MellonUniversity: http://www.speech.cs.cmu.edu/cgi-bin/cmudict.},
title = {{The Carnegie mellon pronouncing dictionary [CMUDICT. 0.6]}},
volume = {9},
year = {2005}
}
@article{Wang2008,
author = {Wang, DeLiang},
isbn = {1084-7138},
journal = {Trends in amplification},
number = {4},
pages = {332--353},
title = {{Time-Frequency Masking for Speech Separation and Its Potential for Hearing Aid Design}},
volume = {12},
year = {2008}
}
@inproceedings{Hu2006,
author = {Hu, Yi and Loizou, Philipos C.},
booktitle = {Acoustics, Speech and Signal Processing, 2006. ICASSP 2006 Proceedings. 2006 IEEE International Conference on},
editor = {IEEE},
file = {:Users/Ash/Dropbox/Uni/2014/Thesis/References/subjective comp enhancement.2400\&amp$\backslash$;rep=rep1\&amp$\backslash$;type=pdf:2400\&amp;rep=rep1\&amp;type=pdf},
title = {{Subjective Comparison of Speech Enhancement Algorithms}},
year = {2006}
}
@inproceedings{Raj2005a,
author = {Raj, Bhiksha and Smaragdis, Paris},
booktitle = {Applications of Signal Processing to Audio and Acoustics, 2005. IEEE Workshop on},
file = {:Users/Ash/Library/Application Support/Mendeley Desktop/Downloaded/Latent Variable Decomposoition.pdf:pdf},
isbn = {0780391543},
pages = {17--20},
publisher = {IEEE},
title = {{Latent variable decomposition of spectrograms for single channel speaker separation}},
year = {2005}
}
@incollection{Loizou2013b,
author = {Loizou, P C},
booktitle = {Speech Enhancement: Theory and Practice, Second Edition},
isbn = {9781466504219},
publisher = {Taylor \& Francis},
title = {{Classes of Speech Enhancement Algorithms}},
url = {http://books.google.com.au/books?id=ntXLfZkuGTwC},
year = {2013}
}
@phdthesis{Quill2014,
author = {Quill, Bryan},
school = {James Cook University},
title = {{The Use of Second Phase Neural Learning for Improved Phoneme Recognition}},
type = {Undergraduate},
year = {2014}
}
@inproceedings{Rosenberg1998,
author = {Rosenberg, Aaron E and Magrin-Chagnolleau, Ivan and Parthasarathy, S and Huang, Qian},
booktitle = {ICSLP},
file = {:Users/Ash/Library/Application Support/Mendeley Desktop/Downloaded/Speaker Detection in Broadcast.PDF:PDF},
title = {{Speaker detection in broadcast speech databases}},
year = {1998}
}
@book{Brandstein2001,
author = {Brandstein, Michael and Ward, Darren},
isbn = {3540419535},
keywords = {Bran01},
mendeley-tags = {Bran01},
publisher = {Springer},
title = {{Microphone arrays: signal processing techniques and applications}},
year = {2001}
}
@article{Paatero1994,
author = {Paatero, Pentti and Tapper, Unto},
isbn = {1099-095X},
journal = {Environmetrics},
number = {2},
pages = {111--126},
title = {{Positive matrix factorization: A non-negative factor model with optimal utilization of error estimates of data values}},
volume = {5},
year = {1994}
}
@inproceedings{Plourde2007,
author = {Plourde, Eric and Champagne, Beno\^{\i}t},
booktitle = {Electrical and Computer Engineering, 2007. CCECE 2007. Canadian Conference on},
file = {:Users/Ash/Dropbox/Uni/2014/Thesis/References/Plourde2007.pdf:pdf},
number = {3},
pages = {1594--1597},
publisher = {IEEE},
title = {{Further Analysis of the $\beta$ -Order MMSE STSA Estimator for Speech Enhancement}},
year = {2007}
}
@article{Koolwaaij2000,
author = {Koolwaaij, Johan and Boves, Lou},
file = {:Users/Ash/Library/Application Support/Mendeley Desktop/Downloaded/1-s2.0-S1051200499903573-main.pdf:pdf},
isbn = {1051-2004},
journal = {Digital Signal Processing},
number = {1},
pages = {113--132},
title = {{Local normalization and delayed decision making in speaker detection and tracking}},
volume = {10},
year = {2000}
}
@misc{Gorman2007,
address = {Pennsylvania},
author = {Gorman, Kyle},
number = {5/5/14},
publisher = {Department of Linguistics, University of Pennsylvania Institute for Research in Cognitive Science},
title = {{Automatic Speech Segmentation with HTK}},
url = {http://www.ling.upenn.edu/~kgorman/speechseg.html/.speechseg.html},
volume = {2014},
year = {2007}
}
@article{Finesso2004,
author = {Finesso, Lorenzo and Spreij, Peter},
file = {:Users/Ash/Library/Application Support/Mendeley Desktop/Downloaded/Lee Algorithm No Good.pdf:pdf},
journal = {arXiv preprint math/0402229},
title = {{Approximate nonnegative matrix factorization via alternating minimization}},
year = {2004}
}
@article{Schmidt2006,
author = {Schmidt, Mikkel and Olsson, Rasmus},
file = {:Users/Ash/Library/Application Support/Mendeley Desktop/Downloaded/1ch speech NMF.pdf:pdf},
title = {{Single-channel speech separation using sparse non-negative matrix factorization}},
year = {2006}
}
@article{Finesso2006,
author = {Finesso, Lorenzo and Spreij, Peter},
file = {:Users/Ash/Library/Application Support/Mendeley Desktop/Downloaded/Finesso NMF IDiv.pdf:pdf},
isbn = {0024-3795},
journal = {Linear Algebra and its Applications},
number = {2},
pages = {270--287},
title = {{Nonnegative matrix factorization and I-divergence alternating minimization}},
volume = {416},
year = {2006}
}
@misc{Loizou2008,
author = {Loizou, P C},
booktitle = {"Speech enhancement: Theory and Practice"},
publisher = {CRC Press},
title = {{MATLAB PESQ Implementation}},
url = {http://ecs.utdallas.edu/loizou/speech/software.htm},
year = {2008}
}
@inproceedings{Lee2000,
author = {Lee, Daniel D and Seung, H Sebastian},
booktitle = {Advances in neural information processing systems},
file = {:Users/Ash/Library/Application Support/Mendeley Desktop/Downloaded/algorithms-for-non-negative-matrix-factorizati.pdf:pdf},
pages = {556--562},
title = {{Algorithms for non-negative matrix factorization}},
year = {2000}
}
@book{Young1997,
author = {Young, Steve and Evermann, Gunnar and Kershaw, Dan and Moore, Gareth and Odell, Julian and Ollason, Dave and Valtchev, Valtcho and Woodland, Phil},
file = {:Users/Ash/Library/Application Support/Mendeley Desktop/Downloaded/htkbook.pdf:pdf},
publisher = {Entropic Cambridge Research Laboratory Cambridge},
title = {{The HTK book}},
volume = {2},
year = {1997}
}
@article{Bro1997,
author = {Bro, Rasmus and {De Jong}, Sijmen},
file = {:Users/Ash/Library/Application Support/Mendeley Desktop/Downloaded/1997, non-negativity-2.pdf:pdf},
isbn = {0886-9383},
journal = {Journal of chemometrics},
keywords = {Bro97},
mendeley-tags = {Bro97},
number = {5},
pages = {393--401},
title = {{A fast non-negativity-constrained least squares algorithm}},
volume = {11},
year = {1997}
}
@inproceedings{Williamson2014,
author = {Williamson, Donald S and Wang, Yuxuan and Wang, DeLiang},
file = {:Users/Ash/Dropbox/Uni/2014/Thesis/References/WWW.icassp14.pdf:pdf},
isbn = {9781479928934},
pages = {7084--7088},
title = {{A Two-Stage Approach for Improving the Perceptual Quality of Separated Speech}},
year = {2014}
}
@incollection{Wright1999,
author = {Wright, S J and Nocedal, J},
booktitle = {Numerical optimization},
pages = {229--233},
publisher = {Springer New York},
title = {{Derivative-Free Optimization}},
volume = {2},
year = {1999}
}
@article{Cooke2010,
author = {Cooke, Martin and Hershey, John R and Rennie, Steven J},
file = {:Users/Ash/Library/Application Support/Mendeley Desktop/Downloaded/PASCAL SPeech in Speech.pdf:pdf},
isbn = {0885-2308},
journal = {Computer Speech \& Language},
keywords = {Cook10},
mendeley-tags = {Cook10},
number = {1},
pages = {1--15},
title = {{Monaural speech separation and recognition challenge}},
volume = {24},
year = {2010}
}
@article{Brookes1997,
author = {Brookes, Mike},
journal = {Software, available [Mar. 2011] from www. ee. ic. ac. uk/hp/staff/dmb/voicebox/voicebox. html},
keywords = {Broo97},
mendeley-tags = {Broo97},
title = {{Voicebox: Speech processing toolbox for matlab}},
year = {1997}
}
@article{VanBenthem2004,
author = {{Van Benthem}, Mark H and Keenan, Michael R},
file = {:Users/Ash/Library/Application Support/Mendeley Desktop/Downloaded/Fast NNLS.pdf:pdf},
isbn = {1099-128X},
journal = {Journal of chemometrics},
number = {10},
pages = {441--450},
title = {{Fast algorithm for the solution of large-scale non-negativity-constrained least squares problems}},
volume = {18},
year = {2004}
}
@article{Cherry1953,
author = {Cherry, E Colin},
doi = {doi:http://dx.doi.org/10.1121/1.1907229},
file = {:Users/Ash/Library/Application Support/Mendeley Desktop/Downloaded/cocktailparty.pdf:pdf},
journal = {The Journal of the Acoustical Society of America},
keywords = {Cher53},
mendeley-tags = {Cher53},
number = {5},
pages = {975--979},
title = {{Some Experiments on the Recognition of Speech, with One and with Two Ears}},
url = {http://scitation.aip.org/content/asa/journal/jasa/25/5/10.1121/1.1907229},
volume = {25},
year = {1953}
}
@inproceedings{Vincent2013,
author = {Vincent, Emmanuel and Barker, Jon and Watanabe, Shinji and {Le Roux}, Jonathan and Nesta, Francesco and Matassoni, Marco},
booktitle = {Acoustics, Speech and Signal Processing (ICASSP), 2013 IEEE International Conference on},
file = {:Users/Ash/Library/Application Support/Mendeley Desktop/Downloaded/PASCAL 2nd CHiME.pdf:pdf},
isbn = {1520-6149},
pages = {126--130},
publisher = {IEEE},
title = {{The second 'CHiME' speech separation and recognition challenge: Datasets, tasks and baselines}},
year = {2013}
}
@inproceedings{Kamath2002,
author = {Kamath, Sunil and Loizou, Philipos},
booktitle = {IEEE international conference on acoustics speech and signal processing},
file = {:Users/Ash/Library/Application Support/Mendeley Desktop/Downloaded/spectral sub colournoise.pdf:pdf},
isbn = {0749-8411},
pages = {4164},
publisher = {Citeseer},
title = {{A multi-band spectral subtraction method for enhancing speech corrupted by colored noise}},
volume = {4},
year = {2002}
}
@misc{Ruzanski2009,
author = {Ruzanski, Evan},
publisher = {MATLAB Central},
title = {{Mean Opinion Score (MOS) Test Script}},
url = {http://www.mathworks.com.au/matlabcentral/fileexchange/23693-mean-opinion-score--mos--test-script},
year = {2009}
}
@article{Hu2008,
author = {Hu, Yi and Loizou, Philipos C},
file = {:Users/Ash/Library/Application Support/Mendeley Desktop/Downloaded/Speech Enhance Eval.pdf:pdf},
isbn = {1558-7916},
journal = {Audio, Speech, and Language Processing, IEEE Transactions on},
number = {1},
pages = {229--238},
title = {{Evaluation of objective quality measures for speech enhancement}},
volume = {16},
year = {2008}
}
@article{Rix2003,
author = {Rix, Antony W},
file = {:Users/Ash/Library/Application Support/Mendeley Desktop/Downloaded/pesq\_compare.pdf:pdf},
journal = {Proc. Measurement of Speech and Audio Quality in Networks (MESAQIN'03), Prague, Czech Republic},
title = {{Comparison between subjective listening quality and P. 862 PESQ score}},
year = {2003}
}
@misc{Gillman2014,
author = {Gillman, Ashley},
publisher = {MATLAB Central},
title = {{MATLAB MOS Implementation}},
url = {http://www.mathworks.com.au/matlabcentral/fileexchange/47897-mos--mean-opinion-score- https://github.com/gillwoman/MOS},
year = {2014}
}
@article{Weninger2011,
author = {Weninger, Felix and Lehmann, Alexander and Schuller, Bj\"{o}rn},
file = {:Users/Ash/Dropbox/Uni/2014/Thesis/References/OPENBLISSART.pdf:pdf},
isbn = {9781457705397},
journal = {Acoustics, Speech and \ldots},
pages = {1625--1628},
title = {{OpenBliSSART: Design and evaluation of a research toolkit for blind source separation in audio recognition tasks}},
url = {http://ieeexplore.ieee.org/xpls/abs\_all.jsp?arnumber=5946809},
year = {2011}
}
@article{Paatero1997,
author = {Paatero, Pentti},
file = {:Users/Ash/Library/Application Support/Mendeley Desktop/Downloaded/Paatero PMF.pdf:pdf},
isbn = {0169-7439},
journal = {Chemometrics and intelligent laboratory systems},
number = {1},
pages = {23--35},
title = {{Least squares formulation of robust non-negative factor analysis}},
volume = {37},
year = {1997}
}
@inproceedings{Rennie2008,
author = {Rennie, Steven J and Hershey, John R and Olsen, Peder A},
booktitle = {Acoustics, Speech and Signal Processing, 2008. ICASSP 2008. IEEE International Conference on},
file = {:Users/Ash/Library/Application Support/Mendeley Desktop/Downloaded/nsa.pdf:pdf},
isbn = {1424414830},
pages = {1833--1836},
publisher = {IEEE},
title = {{Efficient model-based speech separation and denoising using non-negative subspace analysis}},
year = {2008}
}
@inproceedings{Cichocki2006,
author = {Cichocki, Andrzej and Zdunek, Rafal and Amari, Shun-ichi},
booktitle = {Acoustics, Speech and Signal Processing, 2006. ICASSP 2006 Proceedings. 2006 IEEE International Conference on},
file = {:Users/Ash/Library/Application Support/Mendeley Desktop/Downloaded/Cichocki-ICASSP-rev.pdf:pdf},
isbn = {142440469X},
keywords = {Cich06},
mendeley-tags = {Cich06},
pages = {V--V},
publisher = {IEEE},
title = {{New algorithms for non-negative matrix factorization in applications to blind source separation}},
volume = {5},
year = {2006}
}
@article{Dupont2000,
author = {Dupont, St\'{e}phane and Luettin, Juergen},
file = {:Users/Ash/Library/Application Support/Mendeley Desktop/Downloaded/AV noise.pdf:pdf},
isbn = {1520-9210},
journal = {Multimedia, IEEE Transactions on},
keywords = {Dupo00},
mendeley-tags = {Dupo00},
number = {3},
pages = {141--151},
title = {{Audio-visual speech modeling for continuous speech recognition}},
volume = {2},
year = {2000}
}
@book{Benesty2005,
author = {Benesty, Jacob and Makino, Shoji and Chen, Jingdong},
isbn = {354024039X},
keywords = {Bene05},
mendeley-tags = {Bene05},
publisher = {Springer},
title = {{Speech Enhancement}},
year = {2005}
}
@book{Fransen1994,
address = {Cambridge},
author = {Fransen, Jeroen and Pye, Dave and Robinson, Tony and Woodland, Phil and Young, Steve},
file = {:Users/Ash/Dropbox/Uni/2014/Thesis/References/wsjcam0.ps:ps},
publisher = {Cambridge University},
title = {{WSJCAMO Corpus and Recording Description}},
year = {1994}
}
@inproceedings{Fevotte2011,
author = {F\'{e}votte, C\'{e}dric},
booktitle = {Acoustics, Speech and Signal Processing (ICASSP), 2011 IEEE International Conference on},
file = {:Users/Ash/Library/Application Support/Mendeley Desktop/Downloaded/Smooth IS NMF.pdf:pdf},
isbn = {1457705389},
keywords = {Fevo11},
mendeley-tags = {Fevo11},
pages = {1980--1983},
publisher = {IEEE},
title = {{Majorization-minimization algorithm for smooth Itakura-Saito nonnegative matrix factorization}},
year = {2011}
}
@article{Krishnamurthy2009,
author = {Krishnamurthy, Nitish and Hansen, John H L},
file = {:Users/Ash/Library/Application Support/Mendeley Desktop/Downloaded/BABBLE NOISE - MODELING, ANALYSIS, AND APPLICA.pdf:pdf},
isbn = {1558-7916},
journal = {Audio, Speech, and Language Processing, IEEE Transactions on},
number = {7},
pages = {1394--1407},
title = {{Babble noise: modeling, analysis, and applications}},
volume = {17},
year = {2009}
}
@inproceedings{Hoyer2002,
author = {Hoyer, Patrik O},
booktitle = {Neural Networks for Signal Processing, 2002. Proceedings of the 2002 12th IEEE Workshop on},
file = {:Users/Ash/Library/Application Support/Mendeley Desktop/Downloaded/Sparse NMF.pdf:pdf},
isbn = {0780376161},
pages = {557--565},
publisher = {IEEE},
title = {{Non-negative sparse coding}},
year = {2002}
}
@inproceedings{Rix2001,
author = {Rix, Antony W and Beerends, John G and Hollier, Michael P and Hekstra, Andries P},
booktitle = {Acoustics, Speech, and Signal Processing, 2001. Proceedings.(ICASSP'01). 2001 IEEE International Conference on},
file = {:Users/Ash/Library/Application Support/Mendeley Desktop/Downloaded/PESQ.pdf:pdf},
isbn = {0780370414},
pages = {749--752},
publisher = {IEEE},
title = {{Perceptual Evaluation of Speech Quality (PESQ)-a new method for speech quality assessment of telephone networks and codecs}},
volume = {2},
year = {2001}
}
@book{Jones1997,
author = {Jones, Bradley},
publisher = {MathWorks},
title = {{MATLAB: Statistics Toolbox; User's Guide}},
year = {1997}
}
@article{Lee1999,
author = {Lee, Daniel D and Seung, H Sebastian},
file = {:Users/Ash/Library/Application Support/Mendeley Desktop/Downloaded/seung-nonneg-matrix.pdf:pdf},
isbn = {0028-0836},
journal = {Nature},
number = {6755},
pages = {788--791},
title = {{Learning the parts of objects by non-negative matrix factorization}},
volume = {401},
year = {1999}
}
@article{InternationalTelecommunicationUnion1996,
author = {{International Telecommunication Union}},
file = {:Users/Ash/Library/Application Support/Mendeley Desktop/Downloaded/T-REC-P.800-199608-I!!PDF-E.pdf:pdf},
journal = {ITU-T Recommendation},
title = {{P.800: Methods for subjective determination of transmission quality}},
year = {1996}
}
